% This file was created with JabRef 2.10.
% Encoding: UTF-8


@Article{medley2001hepatitis,
  Title                    = {Hepatitis-B virus endemicity: heterogeneity, catastrophic dynamics and control},
  Author                   = {Medley, Graham F and Lindop, Nathan A and Edmunds, W John and Nokes, D James},
  Journal                  = {Nature medicine},
  Year                     = {2001},
  Number                   = {5},
  Pages                    = {619--624},
  Volume                   = {7},

  Publisher                = {Nature Publishing Group}
}

@Article{zhang2012analysisHBVmodel,
  Title                    = {The analysis and application of an HBV model},
  Author                   = {Zhang, Suxia and Zhou, Yicang},
  Journal                  = {Applied Mathematical Modelling},
  Year                     = {2012},
  Number                   = {3},
  Pages                    = {1302--1312},
  Volume                   = {36},

  Publisher                = {Elsevier}
}

