% This file was created with JabRef 2.10.
% Encoding: Cp1252


@Article{thio2015global,
  Title                    = {Global elimination of mother-to-child transmission of hepatitis B: revisiting the current strategy},
  Author                   = {Thio, Chloe L and Guo, Nan and Xie, Chan and Nelson, Kenrad E and Ehrhardt, Stephan},
  Journal                  = {The Lancet Infectious Diseases},
  Year                     = {2015},
  Number                   = {8},
  Pages                    = {981--985},
  Volume                   = {15},

  Publisher                = {Elsevier}
}

@Article{tran2009management,
  Title                    = {Management of hepatitis B in pregnancy: weighing the options.},
  Author                   = {Tran, TRAM T},
  Journal                  = {Cleveland Clinic journal of medicine},
  Year                     = {2009},
  Pages                    = {S25--9},
  Volume                   = {76}
}

